<record><leader>00000cas a22000007a 4500</leader><controlfield tag="001">17448255</controlfield><controlfield tag="008">880208d18881918iauwr ne      0    0eng d</controlfield><datafield ind1=" " ind2=" " tag="010"><subfield code="a">sn 88059220 </subfield></datafield><datafield ind1=" " ind2=" " tag="040"><subfield code="a">INP</subfield><subfield code="b">eng</subfield><subfield code="c">INP</subfield><subfield code="d">OCLCQ</subfield></datafield><datafield ind1=" " ind2=" " tag="042"><subfield code="a">msc</subfield></datafield><datafield ind1="0" ind2=" " tag="130"><subfield code="a">Denison bulletin (Denison, Iowa : 1888)</subfield></datafield><datafield ind1="1" ind2="0" tag="245"><subfield code="a">Denison bulletin.</subfield></datafield><datafield ind1=" " ind2=" " tag="260"><subfield code="a">Denison, Iowa :</subfield><subfield code="b">H.A. Cook,</subfield><subfield code="c">-1918.</subfield></datafield><datafield ind1=" " ind2=" " tag="300"><subfield code="a">v.</subfield></datafield><datafield ind1=" " ind2=" " tag="310"><subfield code="a">Weekly,</subfield><subfield code="b">1904-1918</subfield></datafield><datafield ind1=" " ind2=" " tag="321"><subfield code="a">Weekly,</subfield><subfield code="b">&lt;Mar. 1894&gt;-June 2, 1898</subfield></datafield><datafield ind1=" " ind2=" " tag="321"><subfield code="a">Semiweekly,</subfield><subfield code="b">June 6, 1898-1903</subfield></datafield><datafield ind1="1" ind2=" " tag="362"><subfield code="a">Began in 1888?</subfield></datafield><datafield ind1="0" ind2=" " tag="362"><subfield code="a">-v. 45, no. 44 (Oct. 30, 1918).</subfield></datafield><datafield ind1=" " ind2=" " tag="500"><subfield code="a">Publisher varies.</subfield></datafield><datafield ind1=" " ind2=" " tag="588"><subfield code="a">Description based on: Vol. 21, no. 9 (Mar. 1, 1894).</subfield></datafield><datafield ind1=" " ind2=" " tag="752"><subfield code="a">United States</subfield><subfield code="b">Iowa</subfield><subfield code="c">Crawford</subfield><subfield code="d">Denison.</subfield></datafield><datafield ind1="0" ind2="0" tag="780"><subfield code="t">Crawford County bulletin</subfield><subfield code="w">(DLC)sn 84038094</subfield></datafield><datafield ind1="0" ind2="5" tag="780"><subfield code="t">Dow City informer</subfield><subfield code="w">(DLC)sn 88059317</subfield></datafield><datafield ind1="0" ind2="7" tag="785"><subfield code="t">Herold (Denison, Iowa)</subfield></datafield><datafield ind1="0" ind2="7" tag="785"><subfield code="t">Denison bulletin and herald</subfield><subfield code="w">(DLC)sn 88059221</subfield></datafield></record>